@article{dong2023raft,
  title={Raft: Reward ranked finetuning for generative foundation model alignment},
  author={Dong, Hanze and Xiong, Wei and Goyal, Deepanshu and Pan, Rui and Diao, Shizhe and Zhang, Jipeng and Shum, Kashun and Zhang, Tong},
  journal={arXiv preprint arXiv:2304.06767},
  year={2023}
}

@misc{park2024offsetbias,
      title={OffsetBias: Leveraging Debiased Data for Tuning Evaluators},
      author={Junsoo Park and Seungyeon Jwa and Meiying Ren and Daeyoung Kim and Sanghyuk Choi},
      year={2024},
      eprint={2407.06551},
      archivePrefix={arXiv},
      primaryClass={cs.CL}
}

@misc{sanh2020distilbertdistilledversionbert,
      title={DistilBERT, a distilled version of BERT: smaller, faster, cheaper and lighter}, 
      author={Victor Sanh and Lysandre Debut and Julien Chaumond and Thomas Wolf},
      year={2020},
      eprint={1910.01108},
      archivePrefix={arXiv},
      primaryClass={cs.CL},
      url={https://arxiv.org/abs/1910.01108}, 
}

@inproceedings{socher-etal-2013-recursive,
    title = "Recursive Deep Models for Semantic Compositionality Over a Sentiment Treebank",
    author = "Socher, Richard  and
      Perelygin, Alex  and
      Wu, Jean  and
      Chuang, Jason  and
      Manning, Christopher D.  and
      Ng, Andrew  and
      Potts, Christopher",
    booktitle = "Proceedings of the 2013 Conference on Empirical Methods in Natural Language Processing",
    month = oct,
    year = "2013",
    address = "Seattle, Washington, USA",
    publisher = "Association for Computational Linguistics",
    url = "https://www.aclweb.org/anthology/D13-1170",
    pages = "1631--1642",
}

@inproceedings{ArmoRM,
      title={Interpretable Preferences via Multi-Objective Reward Modeling and Mixture-of-Experts}, 
      author={Haoxiang Wang and Wei Xiong and Tengyang Xie and Han Zhao and Tong Zhang},
      booktitle={EMNLP},
      year={2024}
}

@misc{wang2023helpsteer,
      title={HelpSteer: Multi-attribute Helpfulness Dataset for SteerLM}, 
      author={Zhilin Wang and Yi Dong and Jiaqi Zeng and Virginia Adams and Makesh Narsimhan Sreedhar and Daniel Egert and Olivier Delalleau and Jane Polak Scowcroft and Neel Kant and Aidan Swope and Oleksii Kuchaiev},
      year={2023},
      eprint={2311.09528},
      archivePrefix={arXiv},
      primaryClass={cs.CL}
}

@incollection{kahneman2013prospect,
  title={Prospect theory: An analysis of decision under risk},
  author={Kahneman, Daniel and Tversky, Amos},
  booktitle={Handbook of the fundamentals of financial decision making: Part I},
  pages={99--127},
  year={2013},
  publisher={World Scientific}
}

@InProceedings{maas-EtAl:2011:ACL-HLT2011,
  author    = {Maas, Andrew L.  and  Daly, Raymond E.  and  Pham, Peter T.  and  Huang, Dan  and  Ng, Andrew Y.  and  Potts, Christopher},
  title     = {Learning Word Vectors for Sentiment Analysis},
  booktitle = {Proceedings of the 49th Annual Meeting of the Association for Computational Linguistics: Human Language Technologies},
  month     = {June},
  year      = {2011},
  address   = {Portland, Oregon, USA},
  publisher = {Association for Computational Linguistics},
  pages     = {142--150},
  url       = {http://www.aclweb.org/anthology/P11-1015}
}

@inproceedings{eli5_lfqa,
  author    = {Angela Fan and
               Yacine Jernite and
               Ethan Perez and
               David Grangier and
               Jason Weston and
               Michael Auli},
  editor    = {Anna Korhonen and
               David R. Traum and
               Llu{\'{\i}}s M{\`{a}}rquez},
  title     = {{ELI5:} Long Form Question Answering},
  booktitle = {Proceedings of the 57th Conference of the Association for Computational
               Linguistics, {ACL} 2019, Florence, Italy, July 28- August 2, 2019,
               Volume 1: Long Papers},
  pages     = {3558--3567},
  publisher = {Association for Computational Linguistics},
  year      = {2019},
  url       = {https://doi.org/10.18653/v1/p19-1346},
  doi       = {10.18653/v1/p19-1346}
}

@article{faraone2008interpreting,
  title={Interpreting estimates of treatment effects: implications for managed care},
  author={Faraone, Stephen V},
  journal={Pharmacy and Therapeutics},
  volume={33},
  number={12},
  pages={700},
  year={2008},
  publisher={MediMedia, USA}
}

@misc{vig2020causalmediationanalysisinterpreting,
      title={Causal Mediation Analysis for Interpreting Neural NLP: The Case of Gender Bias}, 
      author={Jesse Vig and Sebastian Gehrmann and Yonatan Belinkov and Sharon Qian and Daniel Nevo and Simas Sakenis and Jason Huang and Yaron Singer and Stuart Shieber},
      year={2020},
      eprint={2004.12265},
      archivePrefix={arXiv},
      primaryClass={cs.CL},
      url={https://arxiv.org/abs/2004.12265}, 
}

@misc{eisenstein2022informativenessinvarianceperspectivesspurious,
      title={Informativeness and Invariance: Two Perspectives on Spurious Correlations in Natural Language}, 
      author={Jacob Eisenstein},
      year={2022},
      eprint={2204.04487},
      archivePrefix={arXiv},
      primaryClass={cs.CL},
      url={https://arxiv.org/abs/2204.04487}, 
}

@misc{kaushik2020learningdifferencemakesdifference,
      title={Learning the Difference that Makes a Difference with Counterfactually-Augmented Data}, 
      author={Divyansh Kaushik and Eduard Hovy and Zachary C. Lipton},
      year={2020},
      eprint={1909.12434},
      archivePrefix={arXiv},
      primaryClass={cs.CL},
      url={https://arxiv.org/abs/1909.12434}, 
}

@inproceedings{joshi-etal-2022-spurious,
    title = "Are All Spurious Features in Natural Language Alike? An Analysis through a Causal Lens",
    author = "Joshi, Nitish  and
      Pan, Xiang  and
      He, He",
    editor = "Goldberg, Yoav  and
      Kozareva, Zornitsa  and
      Zhang, Yue",
    booktitle = "Proceedings of the 2022 Conference on Empirical Methods in Natural Language Processing",
    month = dec,
    year = "2022",
    address = "Abu Dhabi, United Arab Emirates",
    publisher = "Association for Computational Linguistics",
    url = "https://aclanthology.org/2022.emnlp-main.666",
    doi = "10.18653/v1/2022.emnlp-main.666",
    pages = "9804--9817",
    abstract = "The term {`}spurious correlations{'} has been used in NLP to informally denote any undesirable feature-label correlations. However, a correlation can be undesirable because (i) the feature is irrelevant to the label (e.g. punctuation in a review), or (ii) the feature{'}s effect on the label depends on the context (e.g. negation words in a review), which is ubiquitous in language tasks. In case (i), we want the model to be invariant to the feature, which is neither necessary nor sufficient for prediction. But in case (ii), even an ideal model (e.g. humans) must rely on the feature, since it is necessary (but not sufficient) for prediction. Therefore, a more fine-grained treatment of spurious features is needed to specify the desired model behavior. We formalize this distinction using a causal model and probabilities of necessity and sufficiency, which delineates the causal relations between a feature and a label. We then show that this distinction helps explain results of existing debiasing methods on different spurious features, and demystifies surprising results such as the encoding of spurious features in model representations after debiasing.",
}

@misc{shen2023looselipssinkships,
      title={Loose lips sink ships: Mitigating Length Bias in Reinforcement Learning from Human Feedback}, 
      author={Wei Shen and Rui Zheng and Wenyu Zhan and Jun Zhao and Shihan Dou and Tao Gui and Qi Zhang and Xuanjing Huang},
      year={2023},
      eprint={2310.05199},
      archivePrefix={arXiv},
      primaryClass={cs.CL},
      url={https://arxiv.org/abs/2310.05199}, 
}

@misc{park2024disentanglinglengthqualitydirect,
      title={Disentangling Length from Quality in Direct Preference Optimization}, 
      author={Ryan Park and Rafael Rafailov and Stefano Ermon and Chelsea Finn},
      year={2024},
      eprint={2403.19159},
      archivePrefix={arXiv},
      primaryClass={cs.CL},
      url={https://arxiv.org/abs/2403.19159}, 
}

@misc{singhal2024longwaygoinvestigating,
      title={A Long Way to Go: Investigating Length Correlations in RLHF}, 
      author={Prasann Singhal and Tanya Goyal and Jiacheng Xu and Greg Durrett},
      year={2024},
      eprint={2310.03716},
      archivePrefix={arXiv},
      primaryClass={cs.CL},
      url={https://arxiv.org/abs/2310.03716}, 
}

@misc{park2024linearrepresentationhypothesisgeometry, title={The Linear Representation Hypothesis and the Geometry of Large Language Models}, author={Kiho Park and Yo Joong Choe and Victor Veitch}, year={2024}, eprint={2311.03658}, archivePrefix={arXiv}, primaryClass={cs.CL}, url={https://arxiv.org/abs/2311.03658}, }

@misc{park2024geometrycategoricalhierarchicalconcepts,
      title={The Geometry of Categorical and Hierarchical Concepts in Large Language Models}, 
      author={Kiho Park and Yo Joong Choe and Yibo Jiang and Victor Veitch},
      year={2024},
      eprint={2406.01506},
      archivePrefix={arXiv},
      primaryClass={cs.CL},
      url={https://arxiv.org/abs/2406.01506}, 
}

@InProceedings{pmlr-v236-geiger24a, title={Finding Alignments Between Interpretable Causal Variables and Distributed Neural Representations}, author={Geiger, Atticus and Wu, Zhengxuan and Potts, Christopher and Icard, Thomas and Goodman, Noah}, booktitle={Proceedings of the Third Conference on Causal Learning and Reasoning}, pages={160--187}, year={2024}, editor={Locatello, Francesco and Didelez, Vanessa}, volume={236}, series={Proceedings of Machine Learning Research}, month={01--03 Apr}, publisher={PMLR}, pdf={https://proceedings.mlr.press/v236/geiger24a/geiger24a.pdf}, url={https://proceedings.mlr.press/v236/geiger24a.html} }

@misc{conmy2023automated, title={Towards Automated Circuit Discovery for Mechanistic Interpretability}, author={Arthur Conmy and Augustine N. Mavor-Parker and Aengus Lynch and Stefan Heimersheim and Adrià Garriga-Alonso}, year={2023}, eprint={2304.14997}, archivePrefix={arXiv}, primaryClass={cs.LG} }

@misc{mueller2024questrightmediatorhistory,
      title={The Quest for the Right Mediator: A History, Survey, and Theoretical Grounding of Causal Interpretability}, 
      author={Aaron Mueller and Jannik Brinkmann and Millicent Li and Samuel Marks and Koyena Pal and Nikhil Prakash and Can Rager and Aruna Sankaranarayanan and Arnab Sen Sharma and Jiuding Sun and Eric Todd and David Bau and Yonatan Belinkov},
      year={2024},
      eprint={2408.01416},
      archivePrefix={arXiv},
      primaryClass={cs.LG},
      url={https://arxiv.org/abs/2408.01416}, 
}

@article{ouyang2022training, title={Training language models to follow instructions with human feedback}, author={Ouyang, Long and Wu, Jeffrey and Jiang, Xu and Almeida, Diogo and Wainwright, Carroll and Mishkin, Pamela and Zhang, Chong and Agarwal, Sandhini and Slama, Katarina and Ray, Alex and others}, journal={Advances in neural information processing systems}, volume={35}, pages={27730--27744}, year={2022} }

@misc{skalse2023invariancepolicyoptimisationpartial,
      title={Invariance in Policy Optimisation and Partial Identifiability in Reward Learning}, 
      author={Joar Skalse and Matthew Farrugia-Roberts and Stuart Russell and Alessandro Abate and Adam Gleave},
      year={2023},
      eprint={2203.07475},
      archivePrefix={arXiv},
      primaryClass={cs.LG},
      url={https://arxiv.org/abs/2203.07475}, 
}

@misc{lambert2024rewardbenchevaluatingrewardmodels, title={RewardBench: Evaluating Reward Models for Language Modeling}, author={Nathan Lambert and Valentina Pyatkin and Jacob Morrison and LJ Miranda and Bill Yuchen Lin and Khyathi Chandu and Nouha Dziri and Sachin Kumar and Tom Zick and Yejin Choi and Noah A. Smith and Hannaneh Hajishirzi}, year={2024}, eprint={2403.13787}, archivePrefix={arXiv}, primaryClass={cs.LG}, url={https://arxiv.org/abs/2403.13787}, }

@misc{gleave2021quantifyingdifferencesrewardfunctions, title={Quantifying Differences in Reward Functions}, author={Adam Gleave and Michael Dennis and Shane Legg and Stuart Russell and Jan Leike}, year={2021}, eprint={2006.13900}, archivePrefix={arXiv}, primaryClass={cs.LG}, url={https://arxiv.org/abs/2006.13900}, }

@misc{casper2023openproblemsfundamentallimitations, title={Open Problems and Fundamental Limitations of Reinforcement Learning from Human Feedback}, author={Stephen Casper and Xander Davies and Claudia Shi and Thomas Krendl Gilbert and Jérémy Scheurer and Javier Rando and Rachel Freedman and Tomasz Korbak and David Lindner and Pedro Freire and Tony Wang and Samuel Marks and Charbel-Raphaël Segerie and Micah Carroll and Andi Peng and Phillip Christoffersen and Mehul Damani and Stewart Slocum and Usman Anwar and Anand Siththaranjan and Max Nadeau and Eric J. Michaud and Jacob Pfau and Dmitrii Krasheninnikov and Xin Chen and Lauro Langosco and Peter Hase and Erdem Bıyık and Anca Dragan and David Krueger and Dorsa Sadigh and Dylan Hadfield-Menell}, year={2023}, eprint={2307.15217}, archivePrefix={arXiv}, primaryClass={cs.AI}, url={https://arxiv.org/abs/2307.15217}, }

@misc{saxon2024benchmarksmicroscopesmodelmetrology,
      title={Benchmarks as Microscopes: A Call for Model Metrology}, 
      author={Michael Saxon and Ari Holtzman and Peter West and William Yang Wang and Naomi Saphra},
      year={2024},
      eprint={2407.16711},
      archivePrefix={arXiv},
      primaryClass={cs.SE},
      url={https://arxiv.org/abs/2407.16711}, 
}

@misc{wang2024selftaughtevaluators,
      title={Self-Taught Evaluators}, 
      author={Tianlu Wang and Ilia Kulikov and Olga Golovneva and Ping Yu and Weizhe Yuan and Jane Dwivedi-Yu and Richard Yuanzhe Pang and Maryam Fazel-Zarandi and Jason Weston and Xian Li},
      year={2024},
      eprint={2408.02666},
      archivePrefix={arXiv},
      primaryClass={cs.CL},
      url={https://arxiv.org/abs/2408.02666}, 
}

@misc{wu2021polyjuicegeneratingcounterfactualsexplaining, title={Polyjuice: Generating Counterfactuals for Explaining, Evaluating, and Improving Models}, author={Tongshuang Wu and Marco Tulio Ribeiro and Jeffrey Heer and Daniel S. Weld}, year={2021}, eprint={2101.00288}, archivePrefix={arXiv}, primaryClass={cs.CL}, url={https://arxiv.org/abs/2101.00288}, }

@article{Feder_2021, title={CausaLM: Causal Model Explanation Through Counterfactual Language Models}, ISSN={1530-9312}, url={http://dx.doi.org/10.1162/coli_a_00404}, DOI={10.1162/coli_a_00404}, journal={Computational Linguistics}, publisher={MIT Press - Journals}, author={Feder, Amir and Oved, Nadav and Shalit, Uri and Reichart, Roi}, year={2021}, month=may, pages={1–54} }

@misc{butcher2024aligninglargelanguagemodels, title={Aligning Large Language Models with Counterfactual DPO}, author={Bradley Butcher}, year={2024}, eprint={2401.09566}, archivePrefix={arXiv}, primaryClass={cs.CL}, url={https://arxiv.org/abs/2401.09566}, }

@misc{fryer2022flexibletextgenerationcounterfactual,
      title={Flexible text generation for counterfactual fairness probing}, 
      author={Zee Fryer and Vera Axelrod and Ben Packer and Alex Beutel and Jilin Chen and Kellie Webster},
      year={2022},
      eprint={2206.13757},
      archivePrefix={arXiv},
      primaryClass={cs.CL},
      url={https://arxiv.org/abs/2206.13757}, 
}

@misc{wang2024surveynaturallanguagecounterfactual,
      title={A Survey on Natural Language Counterfactual Generation}, 
      author={Yongjie Wang and Xiaoqi Qiu and Yu Yue and Xu Guo and Zhiwei Zeng and Yuhong Feng and Zhiqi Shen},
      year={2024},
      eprint={2407.03993},
      archivePrefix={arXiv},
      primaryClass={cs.CL},
      url={https://arxiv.org/abs/2407.03993}, 
}

@misc{gat2023faithfulexplanationsblackboxnlp,
      title={Faithful Explanations of Black-box NLP Models Using LLM-generated Counterfactuals}, 
      author={Yair Gat and Nitay Calderon and Amir Feder and Alexander Chapanin and Amit Sharma and Roi Reichart},
      year={2023},
      eprint={2310.00603},
      archivePrefix={arXiv},
      primaryClass={cs.CL},
      url={https://arxiv.org/abs/2310.00603}, 
}

@book{cunningham2021causal,
  title={Causal inference: The mixtape},
  author={Cunningham, Scott},
  year={2021},
  publisher={Yale university press}
}

@article{cinelli2024crash,
  title={A crash course in good and bad controls},
  author={Cinelli, Carlos and Forney, Andrew and Pearl, Judea},
  journal={Sociological Methods \& Research},
  volume={53},
  number={3},
  pages={1071--1104},
  year={2024},
  publisher={SAGE Publications Sage CA: Los Angeles, CA}
}


@book{grimmer2022text,
  title={Text as data: A new framework for machine learning and the social sciences},
  author={Grimmer, Justin and Roberts, Margaret E and Stewart, Brandon M},
  year={2022},
  publisher={Princeton University Press}
}


@article{abraham2022cebab,
  title={Cebab: Estimating the causal effects of real-world concepts on nlp model behavior},
  author={Abraham, Eldar D and D'Oosterlinck, Karel and Feder, Amir and Gat, Yair and Geiger, Atticus and Potts, Christopher and Reichart, Roi and Wu, Zhengxuan},
  journal={Advances in Neural Information Processing Systems},
  volume={35},
  pages={17582--17596},
  year={2022}
}

@inproceedings{jin-etal-2022-causalnlp,
    title = "{C}ausal{NLP} Tutorial: An Introduction to Causality for Natural Language Processing",
    author = "Jin, Zhijing  and
      Feder, Amir  and
      Zhang, Kun",
    editor = "El-Beltagy, Samhaa R.  and
      Qiu, Xipeng",
    booktitle = "Proceedings of the 2022 Conference on Empirical Methods in Natural Language Processing: Tutorial Abstracts",
    month = dec,
    year = "2022",
    address = "Abu Dubai, UAE",
    publisher = "Association for Computational Linguistics",
    url = "https://aclanthology.org/2022.emnlp-tutorials.4",
    doi = "10.18653/v1/2022.emnlp-tutorials.4",
    pages = "17--22",
    abstract = "Causal inference is becoming an increasingly important topic in deep learning, with the potential to help with critical deep learning problems such as model robustness, interpretability, and fairness. In addition, causality is naturally widely used in various disciplines of science, to discover causal relationships among variables and estimate causal effects of interest. In this tutorial, we introduce the fundamentals of causal discovery and causal effect estimation to the natural language processing (NLP) audience, provide an overview of causal perspectives to NLP problems, and aim to inspire novel approaches to NLP further. This tutorial is inclusive to a variety of audiences and is expected to facilitate the community{'}s developments in formulating and addressing new, important NLP problems in light of emerging causal principles and methodologies.",
}

@incollection{chen2023causal,
  title={Causal Inference and Natural Language Processing},
  author={Chen, Wenqing and Chu, Zhixuan},
  booktitle={Machine Learning for Causal Inference},
  pages={189--206},
  year={2023},
  publisher={Springer}
}


@article{hernan2016does,
  title={Does water kill? A call for less casual causal inferences},
  author={Hern{\'a}n, Miguel A},
  journal={Annals of epidemiology},
  volume={26},
  number={10},
  pages={674--680},
  year={2016},
  publisher={Elsevier}
}

@misc{plecko2023causalframeworkdecomposingspurious, title={A Causal Framework for Decomposing Spurious Variations}, author={Drago Plecko and Elias Bareinboim}, year={2023}, eprint={2306.05071}, archivePrefix={arXiv}, primaryClass={stat.ME}, url={https://arxiv.org/abs/2306.05071}, }

@misc{pryzant2021causaleffectslinguisticproperties, title={Causal Effects of Linguistic Properties}, author={Reid Pryzant and Dallas Card and Dan Jurafsky and Victor Veitch and Dhanya Sridhar}, year={2021}, eprint={2010.12919}, archivePrefix={arXiv}, primaryClass={cs.CL}, url={https://arxiv.org/abs/2010.12919}, }

@misc{veitch2020adaptingtextembeddingscausal, title={Adapting Text Embeddings for Causal Inference}, author={Victor Veitch and Dhanya Sridhar and David M. Blei}, year={2020}, eprint={1905.12741}, archivePrefix={arXiv}, primaryClass={cs.LG}, url={https://arxiv.org/abs/1905.12741}, }

@misc{gui2023causalestimationtextdata,
      title={Causal Estimation for Text Data with (Apparent) Overlap Violations}, 
      author={Lin Gui and Victor Veitch},
      year={2023},
      eprint={2210.00079},
      archivePrefix={arXiv},
      primaryClass={stat.ML},
      url={https://arxiv.org/abs/2210.00079}, 
}

@misc{veitch2021counterfactualinvariancespuriouscorrelations,
      title={Counterfactual Invariance to Spurious Correlations: Why and How to Pass Stress Tests}, 
      author={Victor Veitch and Alexander D'Amour and Steve Yadlowsky and Jacob Eisenstein},
      year={2021},
      eprint={2106.00545},
      archivePrefix={arXiv},
      primaryClass={cs.LG},
      url={https://arxiv.org/abs/2106.00545}, 
}

@misc{feder2022causalinferencenaturallanguage,
      title={Causal Inference in Natural Language Processing: Estimation, Prediction, Interpretation and Beyond}, 
      author={Amir Feder and Katherine A. Keith and Emaad Manzoor and Reid Pryzant and Dhanya Sridhar and Zach Wood-Doughty and Jacob Eisenstein and Justin Grimmer and Roi Reichart and Margaret E. Roberts and Brandon M. Stewart and Victor Veitch and Diyi Yang},
      year={2022},
      eprint={2109.00725},
      archivePrefix={arXiv},
      primaryClass={cs.CL},
      url={https://arxiv.org/abs/2109.00725}, 
}

@article{christiano2017deep,
  title={Deep reinforcement learning from human preferences},
  author={Christiano, Paul F and Leike, Jan and Brown, Tom and Martic, Miljan and Legg, Shane and Amodei, Dario},
  journal={Advances in neural information processing systems},
  volume={30},
  year={2017}
}

@misc{reber2025ratecausalexplainabilityreward,
      title={RATE: Causal Explainability of Reward Models with Imperfect Counterfactuals}, 
      author={David Reber and Sean Richardson and Todd Nief and Cristina Garbacea and Victor Veitch},
      year={2025},
      eprint={2410.11348},
      archivePrefix={arXiv},
      primaryClass={cs.CL},
      url={https://arxiv.org/abs/2410.11348}, 
}

@book{imbens2015causal,
  title={Causal inference in statistics, social, and biomedical sciences},
  author={Imbens, Guido W and Rubin, Donald B},
  year={2015},
  publisher={Cambridge university press}
}